<record><leader>00000cas a22000007a 4500</leader><controlfield tag="001">20086768</controlfield><controlfield tag="008">890728d19381956mouwr ne      0    0eng d</controlfield><datafield ind1=" " ind2=" " tag="010"><subfield code="a">sn 89066859 </subfield></datafield><datafield ind1=" " ind2=" " tag="040"><subfield code="a">MQN</subfield><subfield code="b">eng</subfield><subfield code="c">MQN</subfield><subfield code="d">OCLCQ</subfield></datafield><datafield ind1=" " ind2=" " tag="042"><subfield code="a">msc</subfield></datafield><datafield ind1="0" ind2="0" tag="245"><subfield code="a">Benton County guide.</subfield></datafield><datafield ind1=" " ind2=" " tag="260"><subfield code="a">Warsaw, Mo. :</subfield><subfield code="b">Benton County Pub. Co.,</subfield><subfield code="c">1938-1956.</subfield></datafield><datafield ind1=" " ind2=" " tag="300"><subfield code="a">v.</subfield></datafield><datafield ind1=" " ind2=" " tag="310"><subfield code="a">Weekly</subfield></datafield><datafield ind1="0" ind2=" " tag="362"><subfield code="a">Vol. 1, no. 1 (Jan. 7, 1938)-v. 19, no. 8 (Feb. 24, 1956).</subfield></datafield><datafield ind1=" " ind2=" " tag="580"><subfield code="a">Formed by the union of: Warsaw times (Warsaw, Mo. : 1865), Benton County enterprise (Warsaw, Mo. : 1883), and: Cole Camp courier (Cole Camp, Mo. : 1893).</subfield></datafield><datafield ind1=" " ind2=" " tag="752"><subfield code="a">United States</subfield><subfield code="b">Missouri</subfield><subfield code="c">Benton</subfield><subfield code="d">Warsaw.</subfield></datafield><datafield ind1=" " ind2=" " tag="752"><subfield code="a">United States</subfield><subfield code="b">Missouri</subfield><subfield code="c">Benton</subfield><subfield code="d">Cole Camp.</subfield></datafield><datafield ind1="1" ind2="4" tag="780"><subfield code="t">Warsaw times (Warsaw, Mo. : 1865)</subfield><subfield code="w">(DLC)sn 85034165</subfield></datafield><datafield ind1="1" ind2="4" tag="780"><subfield code="t">Benton County enterprise (Warsaw, Mo. : 1883)</subfield><subfield code="w">(DLC)sn 89066860</subfield></datafield><datafield ind1="1" ind2="4" tag="780"><subfield code="t">Cole Camp courier (Cole Camp, Mo. : 1893)</subfield><subfield code="w">(DLC)sn 89066861</subfield></datafield><datafield ind1="0" ind2="1" tag="785"><subfield code="t">Benton County enterprise (Warsaw, Mo. : 1956)</subfield><subfield code="w">(DLC)sn 89066857</subfield></datafield><datafield ind1="0" ind2="1" tag="785"><subfield code="t">Cole Camp courier (Cole Camp, Mo. : 1956)</subfield><subfield code="w">(DLC)sn 89066858</subfield></datafield></record>